2148 2947
924 185 990 193 .-...
1022 179 1059 202 γι
1092 189 1141 195 „⁶

299 294 439 329 Melius
465 293 589 339 igitur
611 297 773 328 acturus
804 293 899 328 mihi
935 293 1039 328 visus
1063 304 1171 335 sum,
1210 294 1241 328 si
1265 294 1399 329 multis
1435 295 1485 330 ad
1517 308 1577 331 res
1613 302 1701 331 ante
1739 308 1869 331 saecu-

198 372 277 406 lum
307 370 407 405 Xluu·
440 374 565 416 gestas
601 370 864 417 spectantibus
897 380 997 416 quae
1031 369 1170 415 collegi
1205 370 1447 407 documentis
1482 372 1537 407 ita
1572 377 1723 414 uterer,
1763 378 1806 406 ut
1831 373 1871 407 in

198 447 339 483 maiori
370 457 486 493 opere
519 459 636 493 quam
674 451 787 481 antea
819 446 1105 493 cogitaveram,
1143 448 1372 494 praecipuas
1409 458 1470 482 res
1506 448 1554 482 ab
1597 449 1791 483 Arabibus
1830 450 1867 483 in

200 523 390 570 Hispania
422 528 570 568 gestas,
607 523 696 558 inde
720 534 742 557 a
774 529 948 570 tempore
980 534 1057 569 quo
1089 522 1183 557 haec
1218 523 1326 569 regio
1364 523 1550 560 Moslimis
1588 526 1719 571 paruit
1750 537 1870 571 usque

198 600 248 634 ad
276 600 390 635 finem
425 599 567 635 saeculi
593 599 679 641 xli,
718 609 955 634 enarrarem.
1010 597 1094 632 Tali
1119 599 1248 644 operi,
1285 600 1396 633 cuius
1425 610 1517 645 pars
1547 600 1762 635 Historiam
1801 601 1871 634 Ab·

198 676 435 711 badidarum
459 675 696 717 continebit,
725 676 801 710 iam
826 673 1030 714 incumbe,
1057 678 1097 706 at
1125 677 1169 706 ut
1193 673 1270 707 cito
1295 672 1458 719 prodeat
1488 679 1619 710 vetant
1645 677 1867 721 argumenti

197 752 371 799 gravitas
402 756 439 786 et
467 752 634 785 ubertas.
686 748 800 784 Nolui
834 755 961 785 tamen
985 748 1194 784 editionem
1231 749 1348 785 huius
1378 750 1585 785 voluminis
1617 751 1766 786 diutius
1798 752 1873 785 dif-

202 830 328 870 ferre,
358 827 534 873 illudque
559 827 694 872 aequis
727 825 839 860 trado
862 825 1070 861 iudicibus.

293 903 443 938 Indices
471 902 607 937 addidi
639 902 838 949 copiosos,
868 903 908 937 in
938 902 1082 948 quibus
1111 905 1240 936 tamen
1266 912 1341 935 non
1373 902 1488 937 retuli
1513 914 1556 937 ea
1590 902 1746 938 nomina
1771 914 1870 948 quae

200 982 355 1026 quaque
386 980 467 1014 fere
502 979 643 1026 pagina
676 979 791 1013 obvia
817 983 918 1013 sunt.

296 1099 443 1133 Dabam
473 1097 656 1144 Lugduni
683 1098 919 1134 Batavorum
955 1097 1048 1143 ipsis
1073 1096 1158 1131 Kal.
1188 1096 1413 1131 Februariis
1438 1098 1528 1132 anni
1555 1107 1752 1133 mocccmr.
