2148 2947
408 1014 493 1049 Hoc
507 1013 685 1048 volumen
701 1039 711 1055 ‚
739 1014 814 1049 iam
838 1019 928 1050 ante
951 1016 1022 1051 hos
1040 1020 1214 1062 quatuor
1238 1024 1360 1048 annos
1375 1040 1384 1056 ,
1398 1012 1565 1059 exceptis
1580 1011 1777 1048 Addendis
1789 1019 1828 1048 et
1842 1015 1986 1050 Indici-

314 1095 386 1128 bus
401 1118 410 1133 ,
437 1089 660 1125 absolutum
687 1095 725 1125 et
749 1092 853 1138 typis
876 1103 1124 1139 expressum,
1149 1091 1333 1138 optabam
1363 1101 1440 1125 non
1465 1089 1621 1136 publice
1652 1089 1739 1125 fieri
1760 1091 1860 1126 iuris
1884 1098 1989 1127 ante-

311 1179 427 1216 quam
455 1166 670 1201 Historiam
701 1168 998 1204 Abbadidarum
1015 1197 1024 1211 ,
1053 1168 1202 1204 Gallice
1234 1166 1578 1208 conscribendam,
1605 1166 1874 1210 absolvissem3
1901 1181 1989 1204 nam

311 1246 461 1281 dudum
498 1241 713 1278 abieceram
748 1244 954 1280 consilium
991 1245 1040 1280 (le
1070 1245 1250 1281 Histoi-izi
1285 1243 1425 1279 Latine
1457 1243 1751 1279 conscribenda.
1806 1244 1991 1292 Aliquan-

316 1323 440 1368 tisper
468 1319 634 1354 diversis
673 1320 879 1356 laboribus
907 1321 1119 1369 impeditus
1152 1321 1362 1368 quominus
1390 1319 1607 1354 Historiam
1638 1320 1746 1355 issam
1773 1323 1990 1358 conscribe-

315 1409 396 1433 rem
411 1424 421 1440 ,
461 1395 618 1431 tandem
660 1396 753 1432 huic
794 1398 904 1445 operi
942 1399 1124 1434 vacabam
1163 1404 1202 1433 et
1237 1396 1571 1433 introductionem
1612 1397 1885 1433 inchoaveram
1901 1427 1912 1442 ,
1950 1401 1989 1435 in

315 1475 395 1521 qua
427 1472 695 1520 exponendum
736 1474 834 1508 mihi
870 1480 953 1509 erat
995 1474 1043 1509 de
1083 1474 1250 1510 historin
1298 1473 1471 1508 Arabum
1511 1473 1552 1507 in
1593 1473 1805 1521 Hispania,
1845 1475 1936 1510 inde
1969 1489 1989 1511 a

313 1556 490 1599 tempore
524 1562 603 1598 quo
636 1550 883 1587 Peninsulam
920 1556 1196 1598 expugnarunt
1234 1561 1358 1597 usque
1394 1549 1444 1584 ad
1484 1550 1680 1586 saeculum
1715 1551 1963 1587 undecimum
1979 1582 1988 1594 ,

314 1641 403 1664 nam
442 1628 560 1664 huius
599 1629 744 1665 saeculi
775 1628 943 1663 historia
971 1640 1015 1663 ex
1051 1629 1099 1663 iis
1134 1639 1235 1675 quae
1266 1632 1356 1662 ante
1390 1627 1618 1663 acciderunt
1648 1628 1876 1675 explicanda
1912 1634 1991 1671 est3

315 1717 438 1753 quum
463 1716 508 1741 ex
537 1706 622 1754 ipse
656 1705 879 1753 argumenti
908 1705 1081 1740 novflate
1115 1699 1195 1740 tam
1219 1715 1358 1751 graves
1388 1704 1485 1738 mihi
1514 1709 1629 1739 natae
1665 1710 1754 1740 sunt
1785 1704 1990 1740 difficulta-

317 1788 374 1818 tes
405 1788 450 1818 ut
474 1782 680 1818 consilium
706 1787 861 1817 mutare
885 1786 1043 1818 coactus
1069 1782 1153 1817 sim.
1207 1781 1293 1816 Hoc
1316 1780 1418 1816 enim
1447 1786 1721 1827 argmnentum
1753 1782 1834 1816 sere
1865 1787 1990 1817 totum

315 1870 460 1894 novum
487 1864 567 1902 est,
606 1864 664 1903 et,
699 1864 745 1894 ut
771 1859 866 1894 alibi
897 1858 1072 1901 ostendi,
1110 1863 1181 1893 aut
1203 1868 1326 1904 parva
1363 1862 1431 1891 aut
1460 1857 1569 1892 nulia
1601 1857 1698 1892 fides
1727 1857 1907 1894 habenda
1938 1865 1991 1893 est

321 1936 369 1969 iis
400 1946 501 1981 quae
533 1935 581 1969 de
606 1935 680 1969 hac
711 1935 900 1969 historiae
937 1939 1050 1981 parte
1083 1934 1325 1981 scripserunt
1362 1933 1570 1979 Europaei.
1621 1933 1760 1980 Itaque
1793 1934 1881 1969 fieri
1918 1947 1995 1970 non

321 2016 479 2059 poterat
502 2011 600 2058 quin
624 2010 892 2054 introductio,
920 2011 960 2045 in
989 2012 1070 2057 quii
1093 2011 1318 2057 requiritur
1343 2020 1433 2044 cum
1466 2009 1637 2044 brevitas
1667 2015 1751 2044 tum
1780 2013 1997 2059 perspicui-

323 2094 405 2132 tas,
432 2093 502 2123 aut
535 2088 692 2134 longior
722 2092 820 2123 esset
851 2099 966 2134 quam
1001 2087 1059 2123 fas
1092 2091 1202 2130 erat,
1227 2091 1297 2121 aut
1325 2086 1454 2121 minus
1483 2087 1704 2133 perspicua.
1758 2086 1851 2122 Nam
1875 2089 1907 2123 si
1940 2090 1993 2124 fa-

322 2166 396 2201 cile
416 2170 475 2200 est
490 2192 498 2207 ,
524 2165 742 2212 legentibus
768 2175 831 2200 res
856 2164 931 2199 iam
958 2169 1070 2200 notas
1098 2165 1141 2200 in
1164 2163 1394 2200 memoriam
1419 2173 1622 2206 revocare,
1651 2163 1776 2210 deque
1798 2164 1859 2199 his
1889 2176 1996 2200 suam

324 2241 528 2278 declarare
552 2241 773 2290 opinionem
791 2268 801 2284 ‚
831 2238 1117 2278 difficiHimum'
1136 2247 1216 2286 est,
1242 2251 1307 2276 res
1338 2240 1579 2287 incognitam,
1614 2246 1708 2283 aut,
1744 2240 1852 2288 quod
1884 2242 1998 2276 etiam

324 2319 435 2366 peius
455 2324 536 2363 est,
563 2318 613 2354 de
641 2319 785 2366 quibus
810 2318 1038 2354 falsissimae
1064 2319 1398 2356 circumferantur
1425 2317 1649 2365 opini011e5‚
1678 2318 1852 2353 breviter
1875 2324 1911 2352 et
1945 2320 2001 2354 lu-

322 2396 498 2432 culenter
527 2407 728 2444 exponere.
