2148 2947
419 242 481 275 que
497 256 504 269 ,
530 231 678 264 ultimum
704 232 876 276 Hispaniae
905 243 1009 276 regern
1036 231 1075 264 de
1103 243 1166 275 quo
1193 244 1295 264 sermo
1319 239 1366 264 est
1394 233 1424 263 in
1451 232 1567 265 Codice
1588 232 1636 266 CI.
1662 233 1700 266 de
1724 234 1909 278 GayangOS‚
1935 247 1998 268 non
2019 247 2084 269 esse

418 291 756 323 ‘Abdo-'I—mfimanum
772 316 779 329 ‚
806 293 862 334 qui
891 292 969 323 obiit
992 302 1074 323 anno
1095 292 1180 328 558,
1206 291 1257 322 sed
1282 291 1376 322 huius
1397 291 1498 322 filium
1519 292 1789 336 A-ba-Jfflqabum.

462 349 496 381 Si
517 350 624 393 itaque
643 350 729 382 omni
749 362 784 382 ex
804 356 894 394 parte
914 349 991 382 fides
1011 349 1155 381 habenda
1175 355 1221 381 est
1242 350 1312 381 loco
1331 351 1383 381 isti
1397 351 1634 394 ·al-Maqqariz',
1659 363 1721 385 non
1742 364 1812 384 eum
1833 352 1881 386 Cl.
1907 353 1945 386 de
1959 355 2083 397 Gayan—

415 420 470 451 gos
492 409 564 440 inde
586 409 808 441 concluderem
826 434 833 447 ,
860 409 955 441 huius
980 409 1104 441 Codicis
1127 416 1287 441 auctorem
1309 421 1373 440 esse
1397 410 1639 447 Al)ti-Gad'arum
1664 411 1977 456 'ibn—'Abdi-'l-l-laqq
1994 438 2001 449 ,
2029 413 2082 446 sed

416 475 524 499 contra
541 492 549 506 ,
575 469 662 499 hunc
683 475 767 500 certe
791 469 880 499 istius
904 468 1010 511 oper-is
1039 479 1104 498 non
1127 479 1193 499 esse
1218 475 1391 501 auctorem.
1439 469 1500 500 Sed
1532 469 1571 500 ab
1591 469 1688 501 altera
1711 476 1800 513 parte
1829 471 1898 502 fieri
1920 478 2024 514 potest
2047 479 2081 504 ut

416 526 577 569 duplicem
602 538 742 559 errorem
776 528 833 558 iste
859 527 945 558 locus
976 527 1137 558 contineat
1153 551 1160 564 ,
1189 528 1229 558 ita
1255 533 1287 558 ut
1310 529 1339 558 in
1365 539 1401 559 eo
1429 528 1510 559 male
1534 528 1656 561 dicatur
1677 540 1755 571 opus
1780 529 1919 571 incipere
1941 541 1956 560 a
1977 531 2080 573 primo

414 585 542 617 homine
558 610 566 624 ,
584 585 665 617 male
687 597 815 628 quoque
837 585 1000 616 historiam
1020 586 1189 627 Hispaniae
1212 597 1273 616 non
1288 587 1369 616 ultra
1383 586 1725 618 *Abdo-'t-mi'tmanum
1745 587 1880 618 extendi.
1919 588 2078 630 Quidquid

414 644 508 677 huius
529 645 574 676 rei
595 646 659 683 sit,
685 652 806 676 certum
828 651 893 682 est,
920 644 1019 676 altero
1043 644 1176 676 dimidio
1198 645 1273 677 sexti
1288 645 1427 676 Arabum
1445 645 1586 683 saeculi,
1613 656 1676 688 quo
1701 651 1785 676 certe
1806 652 1947 689 tempore
1972 647 2079 678 floruit

412 703 627 741 Abu-Gades,
654 714 732 745 opus
758 714 822 733 esse
851 704 1074 745 compositum.
1126 703 1175 735 Cl.
1201 703 1239 734 do
1267 703 1430 745 Gayangos
1457 709 1568 746 putat,
1596 714 1686 735 suum
1711 703 1880 741 codicem,
1907 716 1988 736 anno
2012 706 2080 736 cir·

411 763 490 794 citer
516 763 579 793 570
595 785 604 800 ,
630 761 669 792 ab
691 762 757 804 ipso
778 767 905 793 auctore
926 773 990 793 esse
1013 763 1180 805 scriptum.
1231 763 1321 796 Licet
1343 762 1447 794 Codex
1475 761 1554 792 mihi
1575 763 1670 793 etiam
1693 762 1783 793 valde
1805 763 1953 805 antiquus
1974 763 2079 794 videa-

411 827 485 859 tur,
511 820 680 852 admittere
701 826 805 851 tamen
828 832 889 852 non
912 832 1038 864 possum
1061 832 1131 852 eum
1158 832 1222 852 esse
1247 820 1499 864 autographum3
1527 821 1640 863 passim
1661 821 1743 852 enim
1770 822 1800 852 in
1821 820 1953 852 historia
1972 823 2076 853 ‘Abba-

412 880 560 911 sidarum
579 890 733 923 perquam
755 891 863 922 graves
887 887 923 911 et
939 881 1094 911 ridiculos
1111 879 1306 922 deprehendi
1335 881 1456 911 scribae
1476 891 1615 916 errores,
1642 879 1788 922 qualibus
1809 880 1904 910 etiam
1929 879 1982 911 hic
2004 881 2077 912 edi-

411 945 459 971 tus
480 939 569 969 locus
589 950 651 969 non
672 945 780 975 caret3
807 944 968 981 praeterea
991 939 1120 971 vocibus
1136 940 1292 982 corruptis
1312 950 1538 981 nonnunquam
1555 963 1563 977 ,
1584 946 1613 970 et
1635 939 1761 982 quidem
1784 944 1831 970 ter
1853 939 1884 970 in
1907 939 2074 978 hocloco,

409 997 693 1040 superinscriptum
724 1004 768 1027 est
796 999 847 1027 εἰς
870 993 1023 1037 (ῐᾲἑι),
1048 998 1089 1029 ita
1117 1004 1151 1029 ut
1174 1004 1296 1029 certum
1319 999 1380 1036 sit,
1404 997 1552 1030 Codieem
1576 997 1769 1041 descriptum
1790 1009 1854 1029 esse
1873 1009 1911 1029 ex
1930 998 2012 1036 aiio,
2029 999 2076 1030 id-

410 1068 471 1100 que
490 1069 505 1088 a
525 1057 655 1088 librario
675 1068 737 1088 non
762 1056 852 1087 valde
873 1056 1011 1089 erudito.

456 1116 621 1148 Caeterum
650 1116 698 1148 Cl.
725 1115 763 1146 de
788 1116 972 1161 Gayangos,
999 1117 1053 1158 qui
1079 1117 1231 1149 benevole
1257 1129 1346 1149 suum
1368 1118 1517 1150 Codicem
1539 1118 1620 1150 mihi
1645 1118 1880 1156 commodavit,
1907 1119 2074 1151 certiorem

407 1185 456 1205 me
480 1175 577 1214 feeit,
603 1175 738 1206 amicum
761 1173 920 1217 quendam
941 1185 1032 1206 suum
1053 1176 1269 1209 Matritensem
1286 1177 1414 1219 (nomen
1436 1188 1500 1209 non
1519 1177 1654 1218 addidit)
1678 1178 1760 1209 aliud
1789 1178 1890 1221 operis
1915 1179 2072 1221 exemplar

404 1233 575 1275 possidere.

450 1292 592 1335 Sequens
622 1292 709 1324 locus
732 1293 793 1324 iam
821 1292 963 1336 Anglice
981 1305 1086 1326 versus
1113 1299 1160 1325 est
1187 1305 1205 1325 a
1230 1294 1356 1327 Codicis
1385 1305 1559 1338 possessore
1589 1295 1620 1325 in
1654 1292 1801 1337 Append.
1826 1293 1863 1327 C.
1887 1293 1925 1325 ad
1951 1301 2071 1327 tomum

407 1351 580 1382 secundum
614 1352 762 1384 versionis
783 1351 1024 1396 ·a1-Maqqaric',
1055 1353 1108 1385 sed
1141 1360 1243 1385 textus
1277 1355 1431 1385 Arabicus
1460 1354 1598 1385 nondum
1625 1353 1727 1384 editus
1757 1359 1814 1384 est.
1871 1353 2071 1396 Propositum

406 1410 485 1441 mihi
509 1416 554 1441 est
581 1416 615 1443 ut
647 1422 754 1442 omues
785 1422 862 1452 quos
884 1411 1023 1442 nancisci
1048 1412 1138 1453 potui
1163 1414 1264 1445 tertiis
1288 1414 1460 1450 Arabicos,
1485 1412 1522 1442 ad
1553 1423 1657 1442 meum
1681 1418 1900 1453 argumentum
1926 1420 2071 1455 spectan-

406 1474 472 1504 tes,
500 1468 622 1510 publici
652 1469 766 1499 faciam
801 1469 890 1501 iuris.
952 1469 995 1501 At
1023 1469 1047 1499 si
1079 1469 1127 1500 vel
1157 1469 1217 1501 hoc
1240 1470 1319 1502 mihi
1346 1482 1408 1501 non
1441 1471 1695 1513 proposuissem,
1723 1470 1771 1501 vel
1794 1476 1869 1501 tunc
1892 1477 1993 1503 tamen
2019 1472 2072 1504 hic

407 1533 508 1558 textus
529 1533 563 1558 ut
586 1526 732 1559 ederetur
754 1527 835 1559 haud
857 1527 946 1570 parvi
971 1533 1036 1558 erat
1058 1529 1223 1560 momenti.
1272 1527 1319 1559 Ne
1341 1530 1423 1560 enim
1444 1529 1566 1566 dicam,
1591 1530 1764 1560 versionem
1786 1529 1835 1560 Cl„
1850 1529 1887 1560 de
1908 1530 2071 1573 Gayangos

407 1585 499 1628 longe
521 1585 627 1617 abesse
651 1592 684 1617 ut
704 1593 849 1618 accurata
871 1585 933 1617 dici
954 1587 1073 1633 possit,
1097 1587 1353 1630 quandoquidem
1376 1588 1430 1620 ille
1450 1600 1541 1631 saepe
1563 1589 1634 1619 satis
1655 1588 1743 1619 duxit
1767 1588 1944 1630 generalem
1965 1601 2073 1620 narra*-

407 1645 501 1675 tionis
530 1644 666 1687 effigiem
691 1655 761 1675 cum
792 1644 910 1676 lectore
935 1647 1185 1683 communicare,
1214 1648 1278 1689 ipsa
1307 1647 1399 1678 verba
1424 1647 1505 1678 haud
1532 1647 1668 1678 multum
1691 1658 1827 1685 curans3
1855 1659 1949 1690 saepe
1976 1649 2071 1679 etiam

407 1702 560 1747 quaedam
586 1709 638 1734 aut
669 1703 837 1740 omittens,
863 1710 915 1734 aut
942 1704 980 1734 dc
1004 1716 1059 1736 suo
1083 1705 1221 1743 addens3
1252 1717 1477 1749 nonnunquam
1498 1707 1634 1737 auctoris
1656 1712 1793 1737 mentem
1818 1718 1878 1737 non
1907 1718 2072 1749 assequens

405 1763 455 1802 (ex
481 1762 596 1804 quibus
627 1762 785 1793 erroribus
808 1763 1109 1804 gravioresvtantum
1131 1765 1299 1796 nonnullos
1322 1766 1352 1796 in
1382 1766 1586 1797 annotatione
1610 1764 1785 1804 indi-eavi);
1812 1770 1843 1795 at
1875 1764 1946 1795 ideo
1966 1766 2070 1808 magui

407 1820 559 1852 momenti
579 1826 649 1856 est,
678 1826 795 1851 textum
821 1828 854 1852 ut
882 1821 982 1852 lector
1006 1823 1161 1865 inspicere
1184 1825 1303 1867 possit,
1331 1826 1404 1867 quia
1423 1830 1531 1855 auctor
1552 1824 1719 1861 noster,ni
1742 1823 1854 1860 fallor,
1879 1830 1944 1855 toto
1967 1826 2072 1856 animo

410 1878 556 1909 addictus
582 1878 643 1908 suit
672 1878 801 1909 factioni
824 1880 1066 1918 monachicam
1095 1883 1157 1925 qua
1182 1883 1220 1913 de
1243 1894 1276 1913 re
1301 1884 1399 1914 sosius
1422 1884 1452 1913 in
1485 1889 1646 1925 posterum
1677 1882 1873 1925 expositurus
1901 1893 1980 1914 sum.
2027 1883 2073 1914 Ne

407 1938 513 1979 itaque
533 1937 639 1967 iniusti
664 1936 842 1969 videremur
854 1963 862 1975 ,
877 1950 1001 1970 necesse
1023 1940 1083 1972 suit
1105 1948 1139 1972 ut
1155 1941 1277 1973 nonnisi
1291 1942 1388 1984 ipsius
1402 1942 1539 1973 auctoris
1559 1941 1660 1972 verbis
1677 1948 1768 1972 antea
1787 1941 1879 1972 editis
1893 1966 1900 1979 ,
1915 1953 1984 1973 eum
2000 1954 2071 1984 par-

407 1996 485 2026 tium
500 1994 596 2025 studii
617 2005 852 2034 accusaremus,·
872 1997 924 2028 tali
945 1999 1027 2028 enim
1050 1999 1079 2029 in
1096 2011 1128 2030 re
1142 2000 1397 2031 multum-valent
1418 2001 1504 2043 ipsae
1525 1999 1670 2042 phrases,
1691 2000 1754 2041 ipsa
1769 1999 1875 2031 verba.
1904 2000 2070 2033 Caeterum

408 2053 473 2086 eius
499 2052 636 2083 narratio
661 2063 723 2082 non
749 2059 869 2084 tantum
891 2055 1136 2087 ‘Abbadidarum
1158 2057 1307 2089 historiae
1331 2059 1434 2090 lucem
1454 2058 1585 2089 affundit
1610 2057 1657 2099 (hi
1676 2058 1759 2088 enim
1781 2068 1843 2088 non
1869 2059 2016 2089 maximas
2038 2072 2068 2091 in

407 2114 442 2144 ea
466 2117 562 2154 agunt
583 2111 722 2153 partes),
749 2111 800 2142 sed
822 2112 984 2144 universae
1007 2115 1175 2157 Hispaniae
1197 2116 1346 2148 historiae
1368 2117 1406 2149 ab
1432 2129 1512 2148 anno
1537 2119 1599 2148 400
1624 2127 1723 2159 usque
1745 2115 1782 2147 ad
1807 2127 1922 2148 annum
1939 2119 2014 2149 490.

452 2169 644 2203 Monendum
668 2169 893 2202 adhue-habeo
908 2195 916 2209 ,
944 2171 1092 2204 Codicem
1118 2175 1231 2216 passim
1255 2176 1321 2218 ipso
1342 2182 1515 2207 atramento
1539 2187 1604 2206 esso
1626 2186 1771 2214 erosum;
1800 2175 1875 2207 hinc
1898 2178 2070 2209 n-onnuilae

407 2229 537 2264 lacunae
554 2253 562 2267 ,
588 2240 664 2272 quas
684 2229 811 2272 punctis
830 2229 986 2265 indicavit
1027 2232 1157 2266 Voeales
1181 2233 1286 2266 nullae
1308 2241 1381 2267 sunt
1402 2236 1441 2267 itt
1459 2234 1588 2267 Codice.
